
% Libro de Somerville
@book{Somerville,
  title={Ingeniería de Software},
  author={Ian Sommerville},
  year={2011},
  edition={9},
  publisher={Pearson Education}
}


% Libro de Pressman
@book{Pressman,
  title={Ingeniería de Software: Un enfoque práctico},
  author={Roger S. Pressman},
  year={2010},
  edition={7},
  publisher={McGraw-Hill}
}

% Ejemplo de artículo
% article{berners1994,
%  title={The world-wide web},
%  author={Berners-Lee, Tim and Cailliau, Robert and Luotonen, Ari and Nielsen, Henrik Frystyk and Secret, Arthur},
%  journal={Communications of the ACM},
%  volume={37},
%  number={8},
%  pages={76--82},
%  year={1994},
%  publisher={ACM New York, NY, USA}
%}

% Enlace web
@misc{redhat-apirest,
  title={Que es una API REST?},
  author={Red Hat Inc},
  year={2023},
  url={https://www.redhat.com/es/topics/api/what-is-a-rest-api}
}


%  WEB

@misc{github-cicd,
  title={CI/CD: The what, why, and how},
  author={GitHub Inc},
  year={2023},
  url={https://resources.github.com/ci-cd/}
}


@misc{csrf,
  title={¿En qué consiste la vulnerabilidad Cross Site Request Forgery (CSRF)?},
  author={Ignacio Pérez},
  year={2015},
  url={https://www.welivesecurity.com/la-es/2015/04/21/vulnerabilidad-cross-site-request-forgery-csrf/}
}

@misc{appscript,
  title={Apps Script},
  author={Google Workspace},
  year={2023},
  url={https://workspace.google.com/intl/es-419_ar/products/apps-script/}
}


@misc{sockets,
  title={Web Sockets},
  author={IONOS Cloud S.L.U.},
  year={2023},
  url={https://www.ionos.es/digitalguide/paginas-web/desarrollo-web/que-es-websocket/}
}

@misc{nginx-lestencript,
  title={Using Free Let’s Encrypt SSL/TLS Certificates with NGINX},
  author={Amir Rawdat},
  year={2021},
  url={https://www.nginx.com/blog/using-free-ssltls-certificates-from-lets-encrypt-with-nginx/}
}